@misc{RCMC+02,
	howpublished = {Poster},
	month = {sep},
	note = {AST 2002, Simposio Argentino de Tecnolog{\'{i}}a - 31 JAIIO},
	author = {Rocha C. and , Miquel C. and , Ortega J. and , Mingarro L. and , Gomez A.},
	title = {Un proyecto de servicio de directorio como soluci{\'{o}}n a la administraci{\'{o}}n de recursos inform{\'{a}}ticos en ambientes heterog{\'{e}}neos.},
	year = {2002},
}

@misc{JAM+03,
	howpublished = {Poster},
	note = {Oral Communications and Posters. Microbiolog{\'{i}}a. SAB - SAIB Bariloche 2003. XXXIX ANNUAL MEETING},
	author = {Maximiliano, Juri Ayub and Mart{\'{i}}n, Edreira and , Smulski C. and , Rocha C. and , Levin M.},
	title = {Complexity of P proteins interactions in the ribosomal stalk of T.cruzi.},
	year = {2003},
}

@misc{RGRC+03,
	howpublished = {Poster},
	note = {Oral Communications and Posters. Microbiolog{\'{i}}a. SAB - SAIB Bariloche 2003. XXXIX ANNUAL MEETING},
	author = {Germ{\'{a}}n, Robledo and , Rocha C. and , Lorenzi H. and , Vazquez M. and , Levin M.},
	title = {Characterization of the VIPER{'}s retroelement family of T.cruzi genome.},
	year = {2003},
}

@misc{CSR05,
	howpublished = {Poster},
	note = {XI Workshop de Investigadores en Ciencias de la Computaci{\'{o}}n},
	Publisher = {XI Workshop de Investigadores en Ciencias de la Computaci{\'{o}}n},
	Url = {http://xivcafqi.cfm-resources.com/InfoGeneral.htm},
	author = {Rocha, Cristian S. and Coso, Omar and Turjanski, Adrian},
	title = {Estudio del Mecanismo de Folding-Binding en Factores de Trascripci{\'{o}}n Mediante Din{\'{a}}mica Molecular},
	year = {2005},
}

@misc{CSR+07,
	howpublished = {Comunicaci{\'{o}}n Oral},
	note = {XI Workshop de Investigadores en Ciencias de la Computaci{\'{o}}n},
	Publisher = {XI Workshop de Investigadores en Ciencias de la Computaci{\'{o}}n},
	Url = {http://www.famaf.unc.edu.ar/biomat/escuela07/},
	author = {Rocha, Cristian S. and Nitsche, Mat{\'{i}}as A. and Lebrero, Mariano G. and Marti, Marcelo and Colubri, Andr{\'{e}}s and Turjanski, Adri{\'{a}}n G. and Estrin, Dario},
	title = {Algoritmos aplicados a problemas de biolog{\'{i}}a estructural implementados en procesadores vectoriales.},
	year = {2007},
}

@misc{SLCSR+08,
	howpublished = {Comunicaci{\'{o}}n Oral},
	note = {ECCB{'}08 European Conference on Computational Biology},
	Publisher = {ECCB{'}08 European Conference on Computational Biology},
	Url = {Conference},
	author = {Lucila, Sanjurjo and Rocha, Cristian S. and Maguid, Sandra and Parisi, Gustavo and Fernandez-Alberti, Sebastian},
	title = {Protein Alignment based on Collective vibrational dynamics},
	year = {2008},
}

@misc{MJCSR09,
	howpublished = {Poster},
	note = {Teor{\'{i}}a y modelado de sistemas biol{\'{o}}gicos (TMS), SAB 2009.},
	Publisher = {Teor{\'{i}}a y modelado de sistemas biol{\'{o}}gicos (TMS), SAB 2009.},
	Url = {Poster},
	author = {Jenikaa, Michael and Rocha, Cristian S. and Turjanski, Adrian},
	title = {JAMAICA: fast protein docking in GPU},
	year = {2009},
}

@misc{CSR09b,
	howpublished = {Laptop session},
	month = {mar},
	note = {Workshop "Biolog{\'{i}}a Computacional de Prote{\'{i}}nas"},
	Publisher = {Workshop "Biolog{\'{i}}a Computacional de Prote{\'{i}}nas"},
	Url = {Laptop session},
	author = {Rocha, Cristian S.},
	title = {Sistemas Inmunes Artificiales para aprender e identificar estructuras de Macromol{\'{e}}culas},
	year = {2009},
}

@misc{CSR09c,
	howpublished = {Poster},
	month = {apr},
	note = {XI Workshop de Investigadores en Ciencias de la Computaci{\'{o}}n},
	Publisher = {XI Workshop de Investigadores en Ciencias de la Computaci{\'{o}}n},
	Url = {Poster},
	author = {Rocha, Cristian S.},
	title = {Propuesta para resolver el problema de predicci{\'{o}}n de complejos de prote{\'{i}}nas usando agentes inteligentes que aprenden usando t{\'{e}}cnicas de sistemas inmunol{\'{o}}gicos artificiales},
	year = {2009},
}

@misc{CSR09d,
	howpublished = {Poster},
	month = {jul},
	note = {Escuela y Workshop de Ciencias de las Im{\'{a}}genes 2009},
	Publisher = {Escuela y Workshop de Ciencias de las Im{\'{a}}genes 2009},
	Url = {Poster},
	author = {Rocha, Cristian S. and D{\'{e}}niz, Luis Gomez},
	title = {Representaci{\'{o}}n Tridimensional de Potenciales Fisicoqu{\'{i}}micos y Complementariedad Geom{\'{e}}trica para el Dise{\~{n}}o de Algoritmos para Ensamble de Prote{\'{i}}nas},
	year = {2009},
}

@misc{CSR10,
	howpublished = {Poster},
	month = {mar},
	note = {First International Society for Computational Biology Regional Latin American meeting},
	Publisher = {First International Society for Computational Biology Regional Latin American meeting},
	Url = {Poster},
	author = {Rocha, Cristian S. and D{\'{e}}niz, Luis Gomez},
	title = {A New Approach to Fast Calculation of Atomic Contact Energy for Protein-Protein Interaction Prediction},
	year = {2010},
}

@article{HMR13,
	author = {Haedo, Christian and Mouchart, Michel and Rocha, Cristian},
	title = {Algorithmic detection of Specialized Agglomerations},
	journal = {In Progress},
	year = {2013},
}

